



@article{Abdallah2019,
   author = {Abdallah, A. M. and Rosenberg, D. E.},
   title = {A data model to manage data for water resources systems modeling},
   journal = {Environmental Modelling {\&} Software},
   volume = {115},
   pages = {113-127},
   ISSN = {1364-8152},
   DOI = {10.1016/j.envsoft.2019.02.005},
   url = {<Go to ISI>://WOS:000460643900010},
   year = {2019},
   type = {Journal Article}
}

@article{Alcaraz2017,
   author = {Alcaraz, M. and Vazquez-Sune, E. and Velasco, V. and Criollo, R.},
   title = {A loosely coupled GIS and hydrogeological modeling framework},
   journal = {Environmental Earth Sciences},
   volume = {76},
   number = {11},
   ISSN = {1866-6280},
   DOI = {ARTN 382
10.1007/s12665-017-6709-3},
   url = {<Go to ISI>://WOS:000403434600002},
   year = {2017},
   type = {Journal Article}
}

@article{Ames2012,
   author = {Ames, D. P. and Horsburgh, J. S. and Cao, Y. and Kadlec, J. and Whiteaker, T. and Valentine, D.},
   title = {HydroDesktop: Web services-based software for hydrologic data discovery, download, visualization, and analysis},
   journal = {Environmental Modelling {\&} Software},
   volume = {37},
   pages = {146-156},
   ISSN = {1364-8152},
   DOI = {10.1016/j.envsoft.2012.03.013},
   url = {<Go to ISI>://WOS:000306041500014},
   year = {2012},
   type = {Journal Article}
}

@article{Bales2016,
   author = {Bales, J.},
   title = {Featured Collection Introduction: Open Water Data Initiative},
   journal = {Journal of the American Water Resources Association},
   volume = {52},
   number = {4},
   pages = {811-815},
   ISSN = {1093-474x},
   DOI = {10.1111/1752-1688.12439},
   url = {<Go to ISI>://WOS:000387168800001},
   year = {2016},
   type = {Journal Article}
}

@article{Bandaragoda2019,
   author = {Bandaragoda, C.J. and Castronova, A. and Istanbulluoglu, E. and Strauch, R. and Nudurupati, S.S. and Phuong, J. and Adams, J.M. and Gasparini, N.M. and Barnhart, K. and Hutton, E.W.H. and Hobley, D.E.J. and Lyons, N.J. and Tucker, G.E. and Tarboton, D.G. and Idaszak, R. and Wang, S.},
   title = {Enabling collaborative numerical modeling in Earth sciences using knowledge infrastructure},
   journal = {Environmental Modelling {\&} Software},
   DOI = {10.1016/j.envsoft.2019.03.020},
   year = {2019},
   type = {Journal Article}
}

@article{Bhatt2014,
   author = {Bhatt, G. and Kumar, M. and Duffy, C. J.},
   title = {A tightly coupled {GIS} and distributed hydrologic modeling framework},
   journal = {Environmental Modelling {\&} Software},
   volume = {62},
   pages = {70-84},
   ISSN = {1364-8152},
   DOI = {10.1016/j.envsoft.2014.08.003},
   url = {<Go to ISI>://WOS:000346751800007},
   year = {2014},
   type = {Journal Article}
}

@phdthesis{Dahal2018,
   author = {Dahal, P.},
   title = {Advancing the Implementation of Hydrologic Models as Web-Based Applications},
   university = {Utah State University},
   url = {https://digitalcommons.usu.edu/etd/6932},
   year = {2018},
   type = {Thesis}
}

@article{Fatichi2016,
   author = {Fatichi, S. and Vivoni, E. R. and Ogden, F. L. and Ivanov, V. Y. and Mirus, B. and Gochis, D. and Downer, C. W. and Camporese, M. and Davison, J. H. and Ebel, B. A. and Jones, N. and Kim, J. and Mascaro, G. and Niswonger, R. and Restrepo, P. and Rigon, R. and Shen, C. and Sulis, M. and Tarboton, D.},
   title = {An overview of current applications, challenges, and future trends in distributed process-based models in hydrology},
   journal = {Journal of Hydrology},
   volume = {537},
   pages = {45-60},
   ISSN = {0022-1694},
   DOI = {10.1016/j.jhydrol.2016.03.026},
   url = {<Go to ISI>://WOS:000376212200007},
   year = {2016},
   type = {Journal Article}
}

@article{Foglia2018,
   author = {Foglia, L. and Borsi, I. and Mehl, S. and De Filippis, G. and Cannata, M. and Vasquez-Sune, E. and Criollo, R. and Rossetto, R.},
   title = {FREEWAT, a Free and Open Source, GIS-Integrated, Hydrological Modeling Platform},
   journal = {Groundwater},
   volume = {56},
   number = {4},
   pages = {521-523},
   ISSN = {0017-467x},
   DOI = {10.1111/gwat.12654},
   url = {<Go to ISI>://WOS:000437680600003},
   year = {2018},
   type = {Journal Article}
}

@article{Granell2010,
   author = {Granell, C. and Diaz, L. and Gould, M.},
   title = {Service-oriented applications for environmental models: Reusable geospatial services},
   journal = {Environmental Modelling {\&} Software},
   volume = {25},
   number = {2},
   pages = {182-198},
   ISSN = {1364-8152},
   DOI = {10.1016/j.envsoft.2009.08.005},
   url = {<Go to ISI>://WOS:000271700500002},
   year = {2010},
   type = {Journal Article}
}

@article{Hu2015,
   author = {Hu, D. and Ma, S. S. and Guo, F. and Lu, G. N. and Liu, J. Z.},
   title = {Describing data formats of geographical models},
   journal = {Environmental Earth Sciences},
   volume = {74},
   number = {10},
   pages = {7101-7115},
   ISSN = {1866-6280},
   DOI = {10.1007/s12665-015-4737-4},
   url = {<Go to ISI>://WOS:000362903400011},
   year = {2015},
   type = {Journal Article}
}

@article{Horsburgh2016,
   author = {Horsburgh, J. S. and Morsy, M. M. and Castronova, A. M. and Goodall, J. L. and Gan, T. and Yi, H. and Stealey, M. J. and Tarboton, D. G.},
   title = {Hydroshare: Sharing Diverse Environmental Data Types and Models as Social Objects with Application to the Hydrology Domain},
   journal = {Journal of the American Water Resources Association},
   volume = {52},
   number = {4},
   pages = {873-889},
   ISSN = {1093-474x},
   DOI = {10.1111/1752-1688.12363},
   url = {<Go to ISI>://WOS:000387168800007},
   year = {2016},
   type = {Journal Article}
}

@article{Lewis2018,
   author = {Lewis, E. and Birkinshaw, S. and Kilsby, C. and Fowler, H. J.},
   title = {Development of a system for automated setup of a physically-based, spatially-distributed hydrological model for catchments in Great Britain},
   journal = {Environmental Modelling {\&} Software},
   volume = {108},
   pages = {102-110},
   ISSN = {1364-8152},
   DOI = {10.1016/j.envsoft.2018.07.006},
   url = {<Go to ISI>://WOS:000442892900011},
   year = {2018},
   type = {Journal Article}
}

@article{Maidment2016,
   author = {Maidment, D. R.},
   title = {Open Water Data in Space and Time},
   journal = {Journal of the American Water Resources Association},
   volume = {52},
   number = {4},
   pages = {816-824},
   ISSN = {1093-474x},
   DOI = {10.1111/1752-1688.12436},
   url = {<Go to ISI>://WOS:000387168800002},
   year = {2016},
   type = {Journal Article}
}

@article{Ng2018,
   author = {Ng, G. H. C. and Wickert, A. D. and Somers, L. D. and Saberi, L. and Cronkite-Ratcliff, C. and Niswonger, R. G. and McKenzie, J. M.},
   title = {GSFLOW-GRASS v1.0.0: GIS-enabled hydrologic modeling of coupled groundwater-surface-water systems},
   journal = {Geoscientific Model Development},
   volume = {11},
   number = {12},
   pages = {4755-4777},
   ISSN = {1991-959x},
   DOI = {10.5194/gmd-11-4755-2018},
   url = {<Go to ISI>://WOS:000452506800002},
   year = {2018},
   type = {Journal Article}
}

@article{Phuong2019,
   author = {Phuong, J. and Bandaragoda, C. and Istanbulluoglu, E. and Beveridge, C. and Strauch, R. and Setiawan, L. and Mooney, S. D.},
   title = {Automated retrieval, preprocessing, and visualization of gridded hydrometeorology data products for spatial-temporal exploratory analysis and intercomparison},
   journal = {Environmental Modelling {\&} Software},
   volume = {116},
   pages = {119-130},
   ISSN = {1364-8152},
   DOI = {10.1016/j.envsoft.2019.01.007},
   url = {<Go to ISI>://WOS:000462150100010},
   year = {2019},
   type = {Journal Article}
}

@article{Rosenberg2014,
   author = {Rosenberg, D. E. and Madani, K.},
   title = {Water Resources Systems Analysis: A Bright Past and a Challenging but Promising Future},
   journal = {Journal of Water Resources Planning and Management},
   volume = {140},
   number = {4},
   pages = {407-409},
   ISSN = {0733-9496},
   DOI = {10.1061/(Asce)Wr.1943-5452.0000414},
   url = {<Go to ISI>://WOS:000332771100001},
   year = {2014},
   type = {Journal Article}
}

@article{Rossetto2018,
   author = {Rossetto, R. and De Filippis, G. and Borsi, I. and Foglia, L. and Cannata, M. and Criollo, R. and Vazquez-Sune, E.},
   title = {Integrating free and open source tools and distributed modelling codes in GIS environment for data-based groundwater management},
   journal = {Environmental Modelling {\&} Software},
   volume = {107},
   pages = {210-230},
   ISSN = {1364-8152},
   DOI = {10.1016/j.envsoft.2018.06.007},
   url = {<Go to ISI>://WOS:000439567900018},
   year = {2018},
   type = {Journal Article}
}

@article{Stagge2019,
   author = {Stagge, J. H. and Rosenberg, D. E. and Abdallah, A. M. and Akbar, H. and Attallah, N. A. and James, R.},
   title = {Assessing data availability and research reproducibility in hydrology and water resources},
   journal = {Scientific Data},
   volume = {6},
   DOI = {ARTN 190030
10.1038/sdata.2019.30},
   url = {<Go to ISI>://WOS:000460586800006},
   year = {2019},
   type = {Journal Article}
}

@article{Starn2018,
   author = {Starn, J. J. and Belitz, K.},
   title = {Regionalization of Groundwater Residence Time Using Metamodeling},
   journal = {Water Resources Research},
   volume = {54},
   number = {9},
   pages = {6357-6373},
   ISSN = {0043-1397},
   DOI = {10.1029/2017wr021531},
   url = {<Go to ISI>://WOS:000448088100031},
   year = {2018},
   type = {Journal Article}
}

@article{Uddameri2018,
   author = {Uddameri, V.},
   title = {Big Data, Computing, and Water Resources Hazards},
   journal = {Journal of the American Water Resources Association},
   volume = {54},
   number = {4},
   pages = {765-766},
   ISSN = {1093-474x},
   DOI = {10.1111/1752-1688.12663},
   url = {<Go to ISI>://WOS:000440411200001},
   year = {2018},
   type = {Journal Article}
}

@article{Wang2016,
   author = {Wang, L. and Jackson, C. R. and Pachocka, M. and Kingdon, A.},
   title = {A seamlessly coupled GIS and distributed groundwater flow model},
   journal = {Environmental Modelling {\&} Software},
   volume = {82},
   pages = {1-6},
   ISSN = {1364-8152},
   DOI = {10.1016/j.envsoft.2016.04.007},
   url = {<Go to ISI>://WOS:000378954000001},
   year = {2016},
   type = {Journal Article}
}

@article{Yu2016,
   author = {Yu, X. and Duffy, C. J. and Rousseau, A. N. and Bhatt, G. and Alvarez, A. P. and Charron, D.},
   title = {Open science in practice: Learning integrated modeling of coupled surface-subsurface flow processes from scratch},
   journal = {Earth and Space Science},
   volume = {3},
   number = {5},
   pages = {190-206},
   ISSN = {2333-5084},
   DOI = {10.1002/2015ea000155},
   url = {<Go to ISI>://WOS:000382571700001},
   year = {2016},
   type = {Journal Article}
}


