
@book{bear2013dynamics,
  title={Dynamics of fluids in porous media},
  author={Bear, Jacob},
  year={2013},
  publisher={Courier Corporation}
}


@article{beven2006searching,
  title={Searching for the Holy Grail of scientific hydrology: Q t=(S, R, $\Delta$t) A as closure},
  author={Beven, Keith},
  journal={Hydrology and Earth System Sciences},
  volume={10},
  number={5},
  pages={609--618},
  year={2006},
  publisher={Copernicus GmbH}
}


@article{gooseff2007relating,
  title={Relating transient storage to channel complexity in streams of varying land use in {J}ackson {H}ole, {W}yoming},
  author={Gooseff, Michael N and Hall Jr, Robert O and Tank, Jennifer L},
  journal={Water Resources Research},
  volume={43},
  number={1},
  year={2007},
  publisher={Wiley Online Library}
}


@article{hubbard2018east,
  title={The East River, Colorado, Watershed: A mountainous community testbed for improving predictive understanding of multiscale hydrological--biogeochemical dynamics},
  author={Hubbard, Susan S and Williams, Kenneth Hurst and Agarwal, Deb and Banfield, Jillian and Beller, Harry and Bouskill, Nicholas and Brodie, Eoin and Carroll, Rosemary and Dafflon, Baptiste and Dwivedi, Dipankar and others},
  journal={Vadose Zone Journal},
  volume={17},
  number={1},
  year={2018},
  publisher={The Soil Science Society of America, Inc.}
}


@article{kirchner2006getting,
  title={Getting the right answers for the right reasons: Linking measurements, analyses, and models to advance the science of hydrology},
  author={Kirchner, James W},
  journal={Water Resources Research},
  volume={42},
  number={3},
  year={2006},
  publisher={Wiley Online Library}
}


@article{kirchner2004fine,
  title={The fine structure of water-quality dynamics: The (high-frequency) wave of the future},
  author={Kirchner, James W and Feng, Xiahong and Neal, Colin and Robson, Alice J},
  journal={Hydrological Processes},
  volume={18},
  number={7},
  pages={1353--1359},
  year={2004},
  publisher={Wiley Online Library}
}



@article{wagener2007catchment,
  title={Catchment classification and hydrologic similarity},
  author={Wagener, Thorsten and Sivapalan, Murugesu and Troch, Peter and Woods, Ross},
  journal={Geography compass},
  volume={1},
  number={4},
  pages={901--931},
  year={2007},
  publisher={Wiley Online Library}
}


@inproceedings{Dwivedi2016,
author = {Dwivedi, Dipankar and Carl, Steefel and Erica, Woodburn and Bakytzhan, Kallemov and David, Moulton and Evgeny, Kikinzon and Ethan, Coon and Glenn, Hammond. and Lauren, Foster and Reed, Maxwell},
doi = {10.13140/RG.2.1.2515.5441},
publisher = {Annual joint investigators meeting of the Department of Energy's Office of Biological and Environmental Research (BER)At: Potomac, Maryland},
title = {{Testing code interoperability and productivity on modeling integrated surface subsurface water flow and biogeochemical cycling in the hyporheic zone â€“ IDEAS Use Case 1}},
year = {2016}
}



@article{dwivedi2018geochemical,
  title={Geochemical exports to river from the intrameander hyporheic zone under transient hydrologic conditions: East River Mountainous Watershed, Colorado},
  author={Dwivedi, Dipankar and Steefel, Carl I and Arora, Bhavna and Newcomer, Michelle and Moulton, J David and Dafflon, Baptiste and Faybishenko, Boris and Fox, Patricia and Nico, Peter and Spycher, Nicolas and others},
  journal={Water Resources Research},
  volume={54},
  number={10},
  pages={8456--8477},
  year={2018},
  publisher={Wiley Online Library}
}


@article{entekhabi2010soil,
  title={The soil moisture active passive (SMAP) mission},
  author={Entekhabi, Dara and Njoku, Eni G and O'Neill, Peggy E and Kellogg, Kent H and Crow, Wade T and Edelstein, Wendy N and Entin, Jared K and Goodman, Shawn D and Jackson, Thomas J and Johnson, Joel and others},
  journal={Proceedings of the IEEE},
  volume={98},
  number={5},
  pages={704--716},
  year={2010},
  publisher={IEEE}
}

@article{falco2019investigating,
  title={Investigating Microtopographic and Soil Controls on a Mountainous Meadow Plant Community Using High-Resolution Remote Sensing and Surface Geophysical Data},
  author={Falco, Nicola and Wainwright, Haruko and Dafflon, Baptiste and L{\'e}ger, Emmanuel and Peterson, John and Steltzer, Heidi and Wilmer, Chelsea and Rowland, Joel C and Williams, Kenneth H and Hubbard, Susan S},
  journal={Journal of Geophysical Research: Biogeosciences},
  year={2019},
  publisher={Wiley Online Library}
}

@article{fonstad2013topographic,
  title={Topographic structure from motion: a new development in photogrammetric measurement},
  author={Fonstad, Mark A and Dietrich, James T and Courville, Brittany C and Jensen, Jennifer L and Carbonneau, Patrice E},
  journal={Earth Surface Processes and Landforms},
  volume={38},
  number={4},
  pages={421--430},
  year={2013},
  publisher={Wiley Online Library}
}


@article{hubbard2018east,
  title={The East River, Colorado, Watershed: A mountainous community testbed for improving predictive understanding of multiscale hydrological--biogeochemical dynamics},
  author={Hubbard, Susan S and Williams, Kenneth Hurst and Agarwal, Deb and Banfield, Jillian and Beller, Harry and Bouskill, Nicholas and Brodie, Eoin and Carroll, Rosemary and Dafflon, Baptiste and Dwivedi, Dipankar and others},
  journal={Vadose Zone Journal},
  volume={17},
  number={1},
  year={2018},
  publisher={The Soil Science Society of America, Inc.}
}


@article{hutengs2016downscaling,
  title={Downscaling land surface temperatures at regional scales with random forest regression},
  author={Hutengs, Christopher and Vohland, Michael},
  journal={Remote Sensing of Environment},
  volume={178},
  pages={127--141},
  year={2016},
  publisher={Elsevier}
}


@article{li2008effect,
  title={Effect of remote sensing spatial resolution on interpreting tower-based flux observations},
  author={Li, Fuqin and Kustas, William P and Anderson, Martha C and Prueger, John H and Scott, Russell L},
  journal={Remote Sensing of environment},
  volume={112},
  number={2},
  pages={337--349},
  year={2008},
  publisher={Elsevier}
}

@article{ragan1980runoff,
  title={Runoff synthesis using Landsat and SCS model},
  author={Ragan, Robert M and Jackson, Thomas J},
  journal={Journal of the Hydraulics Division},
  volume={106},
  number={ASCE 15387},
  year={1980}
}

@article{ritchie1996remote,
  title={Remote sensing applications to hydrology: introduction},
  author={Ritchie, JC and Rango, Albert},
  journal={Hydrological Sciences Journal},
  volume={41},
  number={4},
  pages={429--431},
  year={1996},
  publisher={Taylor \& Francis}
}

@article{turner2004scaling,
  title={Scaling net primary production to a MODIS footprint in support of Earth observing system product validation},
  author={Turner, David P and Ollinger, S and Smith, M-L and Krankina, O and Gregory, M},
  journal={International Journal of Remote Sensing},
  volume={25},
  number={10},
  pages={1961--1979},
  year={2004},
  publisher={Taylor \& Francis}
}


@article{zhang2003progressive,
  title={A progressive morphological filter for removing nonground measurements from airborne LIDAR data},
  author={Zhang, Keqi and Chen, Shu-Ching and Whitman, Dean and Shyu, Mei-Ling and Yan, Jianhua and Zhang, Chengcui},
  journal={IEEE transactions on geoscience and remote sensing},
  volume={41},
  number={4},
  pages={872--882},
  year={2003},
  publisher={IEEE}
}

@incollection{Arora2019,
author = {Arora, B. and Dwivedi, D. and B., Faybishenko and R., Jana and {Wainwright H.M.}},
booktitle = {Reviews in Mineralogy and Geo- chemistry: Reactive transport in Natural and Engineered Systems},
doi = {10.2138/rmg.2019.85.10},
edition = {85},
title = {{Understanding and Predicting Vadose Zone Processes}},
year = {2019}
}

@phdthesis{Asger2001,
author = {Asger, Jens},
file = {:Users/DDwivedi/Library/Application Support/Mendeley Desktop/Downloaded/Asger - 2001 - General rights Distributed hydrological modelling and application of remote sensing data.pdf:pdf},
school = {Technical University of Denmark},
title = {{General rights Distributed hydrological modelling and application of remote sensing data}},
url = {https://orbit.dtu.dk/files/127332690/MR2001{\_}179.pdf},
year = {2001}
}


@incollection{Dwivedi2016,
author = {Dwivedi, D. and Dafflon, D. and Arora, B. and Wainwright, H.M. and Finsterle, S.},
booktitle = {Handbook of Applied Hydrology},
chapter = {21},
editor = {Singh, V.P.},
publisher = {McGraw-Hill, SBN-13: 978-0071835091.},
title = {{Spatial Analysis and Geostatistical Techniques}},
year = {2016}
}

@inproceedings{Langbein1965,
author = {Langbein, W. B.},
booktitle = {International Association of Scientific Hydrology, Symposium Design of Hydrological Networks, Publication No. 67},
pages = {5--11},
publisher = {American Geophysical Union},
title = {{National networks of hydrological data}},
year = {1965}
}

@article{beven1979physically,
  title={A physically based, variable contributing area model of basin hydrology/Un mod{\`e}le {\`a} base physique de zone d'appel variable de l'hydrologie du bassin versant},
  author={BEVEN, Keith J and Kirkby, Michael J},
  journal={Hydrological Sciences Journal},
  volume={24},
  number={1},
  pages={43--69},
  year={1979},
  publisher={Taylor \& Francis}
}